,open_price,open_time,open_size,close_price,close_time,close_size,pre_max_price,pre_min_price,pre_std_price,pre_median_price,pre_volume,post_max_price,post_min_price,post_std_price,post_median_price,post_volume,symbol
0,778.17,09:30:00.923676,282823,798.15,16:00:00.338520,284787,796.6157,775.89,4.960197552634571,781.9,1160913,839.549744,780.8471,1.4050200199153364,795.0,207009,TSLA
1,3262.15,09:30:01.830429,42452,3308.64,16:00:00.479632,135221,3279.95,3252.0,7.250584930516653,3265.0,58752,3315.0,3285.0,1.6047117705967646,3308.64,39610,AMZN
2,185.57,09:31:13.059894,252300,186.44,16:04:29.488210,441180,186.48,185.0,0.39476692379145445,185.43,46342,186.99,184.9743,0.1444549969277913,186.49,25381,DIS
3,241.0,09:30:02.769869,547102,244.2,16:00:00.834079,2936573,243.7,240.6,0.7372055358465959,241.98,76330,251.322,243.9,0.19415529463495074,244.15,26418,MSFT
4,551.0,09:30:01.695822,56286,551.34,16:00:00.457967,141609,559.5,546.89,3.056514644160997,553.88,20832,556.0,548.01,0.7095010861918221,551.34,8512,NFLX
5,441.2,09:30:00.470312,65712,429.42,16:00:00.582307,166777,444.7309,440.0,1.0167347989314197,443.11,21520,430.3,427.52,0.4893035786887419,429.35,9504,ZM
6,215.52,09:30:01.255224,128005,215.52,16:00:02.110092,335789,217.2879,214.5,0.6346232736478595,215.79,44320,216.5,215.08,0.2559848620475271,215.45,12496,BA
7,174.28,09:30:01.636545,103392,176.76,16:00:00.373579,250533,178.6187,174.0,1.2755373465435103,176.04,33424,182.8,175.05,0.6246608319986932,175.85,8928,MRNA
8,2093.98,09:30:01.804300,34108,2118.62,16:00:00.319463,89048,2119.79,2089.75,8.06704009503005,2092.32,37961,2128.09,2106.03,2.0316124320494056,2118.65,10438,GOOGL
9,606.78,09:30:01.400595,95573,596.24,16:00:00.633949,243805,613.21,604.0,2.6417725596970705,608.05,55607,598.01,595.0,0.7026021465465447,596.24,23103,NVDA
10,173.72,09:30:02.015145,32757,167.87,16:00:01.085513,37073,176.42,171.95,0.8846821016609301,173.54500000000002,8960,173.636182,167.5,0.36350480950474073,168.1,5296,BYND
11,270.52,09:30:01.396570,273967,270.83,16:00:02.170325,402431,275.77189,270.52,0.7953811712857048,273.68,88757,272.0,252.326389,0.625339458501541,270.83,31093,BABA
12,270.38,09:30:01.383061,289647,273.57,16:00:00.431207,524450,274.44,270.03,1.1589564294150734,271.65,56672,274.45,272.0167,0.28695175967729775,273.5,15728,FB
13,274.36,09:30:22.021394,146576,270.94,16:03:45.769380,265214,280.0,272.15,2.2049481857130395,276.4,60282,272.51,270.31,0.34359969435374366,270.95,22593,SQ
14,352.7,09:30:02.193495,46304,358.04,16:00:01.059931,135918,354.25,352.06,0.5696918205649467,353.06,6103,358.45,354.1,0.47035010572954034,358.0,6528,COST
15,164.97,09:30:01.220910,201109,165.66,16:00:02.111155,495571,166.19,164.5,0.39271028260762436,165.23,15759,166.0,165.5,0.10569922400289328,165.66,8670,JNJ
16,298.0,09:30:02.163468,261420,297.2,16:00:01.107937,519194,306.99,296.3,3.0413089744930812,302.4786,71893,298.32,295.883,0.33591196093072595,297.99,21743,PYPL
17,189.52,09:32:48.873782,56255,193.6,16:02:23.852015,190121,191.27,189.1,0.5538511228671049,189.67,3332,194.0,192.0011,0.22310262172030826,193.63,4352,TGT
18,205.26,09:30:01.171644,201750,207.51,16:00:02.440152,978697,208.1,205.01,0.6936772474770404,207.0,10048,212.62,207.2,0.33696327385614494,207.45,4464,V
19,176.05,09:30:01.230715,53938,176.65,16:02:36.206008,318669,177.5,176.06,0.25598655886874083,176.61,2032,176.8,175.99,0.1235234632651294,176.65,1408,MMM
20,456.15,09:30:02.156019,50885,456.97,16:00:00.420716,45507,470.0,456.0,3.583296263020839,464.0,20995,464.25,456.0,2.2798312459771117,461.8,27676,ROKU
21,288.03,09:30:01.301336,38582,287.86,16:00:02.202231,57170,292.49,286.0,1.330811740967142,289.0,10302,288.94,282.6505,0.6131132960304352,287.86,4607,TDOC
22,248.59,09:30:01.530546,270738,247.66,16:00:02.406444,374814,250.1289,245.6186,0.49329165705874833,247.0,40137,249.6,247.3355,0.4234898100744685,248.2,8160,CRM
23,213.96,09:30:01.073095,76540,213.45,16:00:02.167585,193769,215.39,213.3,0.4541839602633739,214.54,3248,213.98,213.11,0.1731593505756115,213.45,2928,MCD
24,208.42,09:30:01.569714,45750,201.96,16:00:01.057424,152582,211.9003,206.5,1.2484214515659102,208.6,23792,204.0,200.89,0.5054825688144872,202.35,9984,ABNB
25,250.0,09:30:02.648118,47216,273.98,16:00:00.824343,56174,269.0,245.0,6.539680197891655,250.29,45611,276.29,259.07,3.1531891130092307,274.0,9843,NVAX
26,242.6,09:30:02.223508,116037,238.56,16:00:00.939055,115400,243.97,238.56,0.9596023876254653,241.1,9027,241.51,235.09,0.9850487971485905,239.88,5831,CRWD
27,339.04,09:30:01.035444,70493,337.33,16:00:02.391840,187565,341.3796,338.37,0.8347031875565143,340.29,2688,340.44,336.05,0.7574883556205215,337.33,1872,MA
28,161.28,09:30:01.542987,58714,161.0,16:04:11.052583,224844,163.39,161.01,0.3805477948326338,161.7,2159,164.16,160.25,0.3871455798952953,161.0,2414,UPS
29,495.0,09:30:02.707169,50122,491.23,16:00:01.044047,164279,503.5,494.34,2.209852504491483,497.0,5312,494.22,489.0,0.6988395941391329,491.23,4192,ADBE
30,190.06,09:30:02.078142,50199,189.34,16:00:01.060936,104650,196.0,189.1,2.103438586256704,192.43,15056,190.89,187.01,0.8628710227069949,189.29,5792,ENPH
31,2100.0,09:30:02.041404,25246,2128.31,16:00:00.511170,89263,2127.48,2093.0,7.859284181454724,2100.16,34368,2141.0,2116.01,2.6688480953891776,2128.31,4640,GOOG
32,338.07,09:30:02.212860,7223,337.52,16:00:00.796179,37802,339.85,336.36,0.7049206875999943,338.6,2000,338.99,333.42,1.03056323412417,337.52,1408,LULU
33,420.0,09:30:01.118174,44269,411.65,16:00:02.241338,59432,424.99,416.0,1.9265413289292765,418.43,6752,472.71,409.0,10.248653928286313,457.38,210080,TWLO
34,202.39,09:30:00.960761,94810,202.3,16:00:02.156830,149494,203.99,201.2,0.5010194617277052,202.385,4384,202.97,200.75,0.32968390962126026,202.3,1536,CAT
35,334.7,09:30:01.190327,34129,337.0,16:04:03.037431,126138,336.8,333.44,0.52812293110194,335.59,12896,339.18,334.6,0.49780670480600225,337.0,2720,LMT
36,291.98,09:30:00.859125,5740,295.61,16:00:02.006161,53715,300.0,292.0,2.596649460767105,295.0,592,298.49,295.0,0.964865316112109,295.61,608,CVNA
37,279.45,09:30:02.321397,26101,284.09,16:00:00.789451,47154,288.0,278.91,2.126174953411034,281.065,3104,286.0,275.0,1.5692012725152125,284.09,1616,OKTA
38,323.46,09:30:01.499688,67126,326.86,16:00:02.068958,330445,328.0,322.6,0.7347902325854874,324.62,2788,327.5,322.76,0.761783343466691,326.86,2788,UNH
39,260.34,09:30:02.639509,46230,254.98,16:00:00.713533,81123,266.25,259.2457,1.982799497917366,263.39,6864,265.0,253.3,0.6947097307799313,255.26999999999998,3968,DOCU
40,289.0,09:30:01.287555,34210,288.78,16:00:02.178201,31026,295.0,288.68,1.2856810170643105,291.56,20247,290.8,287.0,0.4934747096651011,288.85,6511,SNOW
41,224.92,09:30:02.122174,47163,222.41,16:00:00.837521,107834,229.0,224.7,0.8407592318479895,226.5,8925,224.0,220.0,0.6225028332317972,222.41,6120,ETSY
42,318.01,09:30:01.917198,149162,308.68,16:00:00.493793,296270,328.5,318.0,2.649433322488925,321.6,101440,319.75,307.0,3.0673770207399365,316.5,145760,BIDU
43,275.54,09:30:01.529373,80610,280.92,16:00:02.872939,291123,276.15,274.32,0.4554208205894362,275.1,4704,281.99,267.57,0.9138886981618833,280.92,3776,HD
44,213.82,09:30:01.211130,10967,197.87,16:00:02.116975,31118,219.99,213.6,1.1642483176952,214.48,6064,200.0,197.65,0.312383566661755,197.92,4640,DASH
45,219.26,09:30:02.074062,13360,216.64,16:00:00.917076,31719,235.0,217.0,3.4333806388287678,222.9,1547,219.0,211.07,1.4582960713975845,217.0,1462,APPN
46,150.13,09:30:00.399288,53781,150.03,16:00:00.453118,77518,155.13,147.79,1.0260093884576231,150.5,50384,151.89,146.0,1.0346700807251905,149.93,12064,CRSP
47,259.87,09:30:01.142667,37741,259.09,16:00:02.241742,85388,263.6,258.85,1.107763668555497,261.35,3502,276.17,257.77,1.559259602793141,259.09,2193,FDX
48,145.75,09:30:01.440648,30045,140.06,16:00:02.186185,22935,150.0,145.48,0.6575165553134817,147.32,17824,141.0,139.5,0.29022694616158906,140.0,8432,AI
49,275.0,09:30:01.314756,71533,268.22,16:00:02.331571,129356,279.36,275.0,0.9750810680673918,277.16,11203,272.0,268.0,0.5566834203510302,268.4,5287,SE
50,248.89,09:30:00.951003,25926,249.28,16:02:59.290430,153221,250.36,248.73,0.5558070915281709,249.775,1056,249.99,247.9,0.31256672756976855,249.28,800,LIN
51,173.85,09:30:01.219747,63341,177.13,16:04:00.635558,197518,175.02,172.7,0.39759753421919064,173.85,2208,178.0,175.19,0.5254375964943401,177.13,2096,LOW
52,275.0,09:30:00.891859,11823,273.26,16:00:02.011643,37552,284.44,275.0,2.041018513447773,277.6,2496,276.12,272.0,0.5976408749279282,273.3,1040,W
53,182.22,09:30:01.055957,24498,187.76,16:00:02.210428,208368,183.98,182.37,0.39707502098265546,183.26,1632,188.15,186.0,0.287500460901047,187.76,1785,CLX
54,142.35,09:30:02.542639,24872,141.59,16:00:00.606853,23062,151.0,142.0,2.642527737557987,145.5,6496,142.0,138.0,0.6438138304978857,140.85,3440,FLGT
55,328.51,09:30:02.325875,23289,334.8,16:00:00.796372,51444,347.0,328.51,4.091977698508009,341.15,7344,335.81,329.94,1.6734581758611937,334.5,1888,SEDG
56,192.86,09:30:00.760456,36985,192.09,16:00:01.069362,186775,195.74,191.5,0.9897475004458625,193.71,4688,192.8,190.59,0.43604521201280505,192.09,2048,SWKS
57,310.03,09:30:01.385321,52208,312.74,16:00:02.258201,130818,312.65,309.65,0.8681239799480095,311.01,4432,314.0,310.01,0.5366846750096315,312.74,1952,GS
58,195.39,09:30:01.351106,44940,189.76,16:00:00.533321,86675,204.2636,195.21,2.0455985351862527,198.83,7872,194.57,188.0,0.7480018243539003,189.76,6672,Z
59,225.83,09:30:02.700067,59268,224.83,16:00:00.684192,56553,225.99,221.0,1.0299702555371,224.4632,2480,225.0,221.01,1.0074728681429825,224.83,1792,ZS
60,205.01,09:30:01.092491,67621,206.46,16:04:24.220598,257923,208.0,202.2,1.1700717086785528,205.33,1424,208.26,206.46,0.2654672147464947,206.46,1216,LLY
61,484.23,09:30:02.344148,24364,482.48,16:00:00.670438,209380,491.87,480.1,2.273918631960521,486.66,2832,485.82,478.01,0.8771637585823484,482.48,1856,AVGO
62,201.36,09:30:01.183119,91599,201.9,16:02:20.663234,343628,204.34,200.82,0.9297944634282472,202.08,2048,202.2,201.6899,0.0891228874684104,201.9,880,HON
63,203.08,09:30:00.371610,67748,202.82,16:00:01.100777,173651,207.5,201.0,1.6258411413674834,204.18,30336,204.3,201.8,0.5163525250284698,202.83,5632,PDD
64,168.31,09:30:02.587974,41827,170.5,16:00:00.767626,91699,170.7,167.76,0.6622755665821013,168.96,3296,171.0,167.77,0.48554042315298035,170.5,1728,SPLK
65,161.11,09:30:00.943198,31295,163.13,16:00:02.020402,176433,164.0,160.5,0.7372419105293438,161.95,768,163.5,162.5,0.24174895847254244,163.13,880,CCI
66,162.15,09:30:02.602275,32338,160.8,16:00:00.852397,144216,167.0,162.0837,1.3443611669647177,164.28,2144,164.99,159.01,0.6381650754009824,160.8,1040,MTCH
67,199.66,09:30:01.125612,34229,201.5,16:04:37.348078,100335,202.9999,199.66,0.8888646983581469,200.5,704,203.34,201.13,0.31882889833722444,201.5,1328,DG
68,248.88,09:30:00.341299,12241,250.53,16:00:00.438251,81943,249.51,246.43,0.9599178756760003,248.23000000000002,448,254.86,248.01,0.7521998723634546,250.53,1232,TEAM
69,162.63,09:30:00.975331,24133,157.47,16:00:02.064656,126491,164.7,161.5,0.7622359493676133,162.69,3744,170.5,73.5,3.8157678140444253,153.95,8960,ALB
70,209.58,09:30:00.224607,26088,214.85,16:00:00.574774,155384,213.28,208.01,0.8400192406280668,210.0,5744,214.85,212.96,0.6220569033720683,214.39499999999998,2048,VRTX
71,497.58,09:30:01.273379,38521,498.46,16:00:02.077653,99543,502.0,496.36,1.4384955988451316,499.97,576,499.5,498.3,0.2641376407953599,498.46,928,TMO
72,223.51,09:30:01.047838,39105,226.31,16:00:02.159652,128375,225.5,222.22,0.6190039919329959,224.68,1488,226.76,224.96,0.22920408588638425,226.31,896,AMT
73,162.97,09:30:01.166433,22598,164.49,16:00:02.137975,101533,165.13,160.17,0.7753127828375024,163.32,592,165.13,163.5,0.2754457035854437,164.49,704,GD
74,169.36,09:30:00.945401,38262,167.55,16:00:02.100800,317065,169.91,168.5,0.5365490191359125,169.01,944,167.55,166.0,0.22201822410949834,167.55,784,PNC
75,276.07,09:30:00.755522,17906,276.67,16:00:00.498421,64096,279.7,275.48,1.4460422841240121,277.4197,848,277.53,275.0,0.3125855925819307,276.67,800,BIIB
76,268.08,09:30:02.671130,24814,271.05,16:00:00.717166,93835,280.0,268.08,2.3150289338576715,271.01,864,272.93,267.02,1.1068366097585305,271.05,912,WDAY
77,178.32,09:30:01.357000,66824,178.53,16:00:00.401282,1343291,182.0,177.98,1.053279111806548,180.015,4032,178.96,177.52,0.21948477031844058,178.53,1504,TXN
78,241.06,09:30:00.995975,50960,239.91,16:04:39.804959,190449,243.6,239.64,1.1522764063806543,241.0,672,240.55,236.35,0.5452476592148086,239.91,736,DHR
79,192.95,09:30:02.516622,46101,189.69,16:00:00.821481,148010,198.73,187.18,2.270961360886013,194.9,7680,192.0,188.69,0.7122886683493044,189.69,1376,NXPI
80,203.08,09:30:00.940426,25362,208.02,16:00:02.148245,158728,204.0,201.25,0.47482921763250635,203.27,608,208.02,207.75,0.03897114317030121,208.02,768,CI
81,213.24,09:30:01.427095,84053,211.23,16:00:02.066101,255121,215.5,210.5,1.4721950319615065,213.47,592,211.2801,210.76,0.14005839495606082,211.23,1056,UNP
82,232.33,09:30:00.851672,43361,235.61,16:00:00.765639,188781,234.5,231.77,0.5200625556974723,232.56,2160,235.75,233.52,0.2952830223308413,235.61,960,AMGN
83,314.16,09:30:00.914386,41028,312.08,16:00:02.024074,102288,319.0,313.03,1.7978866515600669,316.6,1312,316.89,311.98,0.801435199549684,312.08,1232,DE
84,156.83,09:30:02.248705,19295,157.02,16:00:00.329639,719536,157.51,156.38,0.24829357258925466,156.97,1136,158.01,156.9,0.27977868027527103,157.02,704,ALXN
85,256.65,09:30:01.010209,48590,258.78,16:00:02.137414,167310,257.92,255.0,0.9090609881482984,257.05,352,260.6,258.78,0.5034878350069779,258.78,784,ACN
86,173.71,09:30:00.961642,15909,176.44,16:00:02.125270,124540,174.0,173.64,0.16607212288641815,173.71,80,176.44,175.0,0.26740128697495424,176.44,464,HCA
87,164.91,09:30:01.878499,28449,167.13,16:00:01.101687,328511,166.34,164.5,0.5941826416001631,165.0,608,167.13,161.11,1.4813514140898152,167.13,752,ADP
88,166.5,09:30:02.374587,47192,163.05,16:00:00.753773,180086,168.4308,161.19,0.923589366043384,166.0,5856,163.05,161.53,0.5703010258392178,163.05,1680,MCHP
89,156.93,09:30:02.573495,47905,159.75,16:00:00.553305,604165,164.98,153.35,2.317477626423864,156.15,5372,160.9899,158.21,0.3531462404735926,159.75,884,ADI
90,189.42,09:30:01.336573,22125,191.14,16:00:00.731137,252440,189.85,189.0,0.26032999762425285,189.41,384,192.0,190.2917,0.23548021408254144,191.14,640,CME
91,165.82,09:30:00.944368,53388,168.9,16:04:35.071654,143851,167.94,165.08,0.5470664849671901,166.33,832,169.89,168.22,0.24123328115116666,168.9,672,ZTS
92,196.0,09:30:00.995203,22037,192.85,16:00:02.069574,195261,198.28,196.0,0.6033621929101421,196.7,272,194.34,192.5,0.26220525669531525,192.85,595,GPN
93,163.74,09:30:00.859525,27243,166.38,16:00:02.292022,200867,165.24,163.74,0.37188472572931675,164.56,208,166.38,165.7905,0.09439554666809676,166.38,624,CB
94,335.36,09:30:01.328488,26550,338.93,16:00:02.159642,92383,339.05,335.8,0.9624195699233413,338.33,336,340.0,338.9,0.18373137797158265,338.93,544,SPGI
95,226.04,09:30:00.839300,26243,229.2,16:03:54.423649,133551,227.2129,226.04,0.39087233558704926,226.98,176,229.2,229.16,0.006172133998482448,229.2,672,AON
